%% This BibTeX bibliography file was created using BibDesk.
%% http://bibdesk.sourceforge.net/


%% Created for Jeet Sukumaran at 2009-12-14 02:21:37 -0600 


%% Saved with string encoding Unicode (UTF-8) 



@article{ricklefs2007estimating,
	Author = {Ricklefs, R.E.},
	Date-Added = {2009-12-14 02:21:37 -0600},
	Date-Modified = {2009-12-14 02:21:37 -0600},
	Journal = {Trends in Ecology \& Evolution},
	Number = {11},
	Pages = {601--610},
	Publisher = {Elsevier},
	Title = {{Estimating diversification rates from phylogenetic information}},
	Volume = {22},
	Year = {2007}}

@article{Mooers1997,
	Author = {Mooers, A. O. and Heard, S. B.},
	Date-Added = {2009-12-14 01:48:21 -0600},
	Date-Modified = {2009-12-14 01:49:18 -0600},
	Journal = {Quarterly Reviews in Biology},
	Pages = {31--54},
	Title = {Inferring evolutionary process from phylogenetic tree shape},
	Volume = {72},
	Year = {1997}}

@article{Yule1924,
	Author = {Yule, G. U.},
	Date-Added = {2009-12-14 01:47:24 -0600},
	Date-Modified = {2009-12-14 01:48:15 -0600},
	Journal = {Philosophical Transactions of the Royal Society of London Series B},
	Pages = {21--87},
	Title = {A mathematical theory of evolution, based on the conclusions of Dr. J. C. Willis},
	Volume = {213},
	Year = {1924}}

@article{blum2006random,
	Author = {Blum, M.G.B. and Francois, O.},
	Date-Added = {2009-12-14 01:46:18 -0600},
	Date-Modified = {2009-12-14 01:46:18 -0600},
	Journal = {Systematic Biology},
	Number = {4},
	Pages = {685},
	Title = {{Which random processes describe the tree of life? A large-scale study of phylogenetic tree imbalance}},
	Volume = {55},
	Year = {2006}}

@article{aldous2001stochastic,
	Author = {Aldous, D.J.},
	Date-Added = {2009-12-14 01:45:54 -0600},
	Date-Modified = {2009-12-14 01:45:54 -0600},
	Journal = {Statistical Science},
	Number = {1},
	Pages = {23--34},
	Publisher = {Institute of Mathematical Statistics},
	Title = {{Stochastic models and descriptive statistics for phylogenetic trees, from Yule to today}},
	Volume = {16},
	Year = {2001}}

@article{Gotelli2001a,
	Author = {Gotelli, N.J. and Entsminger, G.L.},
	Date-Added = {2009-12-14 00:03:13 -0600},
	Date-Modified = {2009-12-14 00:16:20 -0600},
	Journal = {Oecologia},
	Number = {2},
	Pages = {281--291},
	Publisher = {Springer},
	Title = {{Swap and fill algorithms in null model analysis: rethinking the knight's tour}},
	Volume = {129},
	Year = {2001}}

@article{Feeley2003a,
	Author = {Feeley, K.},
	Date-Added = {2009-12-14 00:03:10 -0600},
	Date-Modified = {2009-12-14 00:16:20 -0600},
	Journal = {Oecologia},
	Number = {1},
	Pages = {104--113},
	Publisher = {Springer},
	Title = {{Analysis of avian communities in Lake Guri, Venezuela, using multiple assembly rule models}},
	Volume = {137},
	Year = {2003}}

@article{Gotelli2002a,
	Author = {Gotelli, N.J. and McCabe, D.J.},
	Date-Added = {2009-12-14 00:03:08 -0600},
	Date-Modified = {2009-12-14 00:16:20 -0600},
	Journal = {Ecology},
	Number = {8},
	Pages = {2091--2096},
	Publisher = {Eco Soc America},
	Title = {{Species co-occurrence: a meta-analysis of JM Diamond's assembly rules model}},
	Volume = {83},
	Year = {2002}}

@article{Gotelli2000a,
	Author = {Gotelli, N.J.},
	Date-Added = {2009-12-14 00:03:04 -0600},
	Date-Modified = {2009-12-14 00:16:20 -0600},
	Journal = {Ecology},
	Number = {9},
	Pages = {2606--2621},
	Publisher = {Eco Soc America},
	Title = {{Null model analysis of species co-occurrence patterns}},
	Volume = {81},
	Year = {2000}}

@article{Stone1992a,
	Author = {Stone, L. and Roberts, A.},
	Date-Added = {2009-12-14 00:03:01 -0600},
	Date-Modified = {2009-12-14 00:16:20 -0600},
	Journal = {Oecologia},
	Number = {3},
	Pages = {419--424},
	Publisher = {Springer},
	Title = {{Competitive exclusion, or species aggregation?}},
	Volume = {91},
	Year = {1992}}

@article{Ulrich2004a,
	Author = {Ulrich, W.},
	Date-Added = {2009-12-14 00:02:54 -0600},
	Date-Modified = {2009-12-14 00:16:20 -0600},
	Journal = {Oikos},
	Number = {3},
	Pages = {603--609},
	Title = {{Species co-occurrences and neutral models: reassessing J. M. Diamond's assembly rules}},
	Volume = {107},
	Year = {2004}}

@article{Stone1990a,
	Author = {Stone, L. and Roberts, A.},
	Date-Added = {2009-12-14 00:02:26 -0600},
	Date-Modified = {2009-12-14 00:16:20 -0600},
	Journal = {Oecologia},
	Number = {1},
	Pages = {74--79},
	Publisher = {Springer},
	Title = {{The checkerboard score and species distributions}},
	Volume = {85},
	Year = {1990}}

@article{Wuster1990a,
	Author = {W{\"u}ster, W. and Thorpe, R.S.},
	Date-Added = {2009-12-14 00:01:42 -0600},
	Date-Modified = {2009-12-14 01:41:31 -0600},
	Journal = {Vertebrates in the Tropics. Bonn: Museum Alexander Koenig},
	Pages = {333--344},
	Title = {{Systematics and biogeography of the Asiatic cobra (Naja naja) species complex in the Philippine Islands}},
	Year = {1990}}

@article{Atkins1968a,
	Author = {Atkins, H. and Preston, J. and Cronk, Q.C.B.},
	Date-Added = {2009-12-14 00:01:17 -0600},
	Date-Modified = {2009-12-14 00:16:20 -0600},
	Journal = {Botanical Journal of the Linnean Society},
	Number = {1},
	Pages = {143--159},
	Title = {{A molecular test of Huxley's line: Cyrtandra (Gesneriaceae) in Borneo and the Philippines}},
	Volume = {72},
	Year = {1968}}

@article{Tougard2001a,
	Author = {Tougard, C.},
	Date-Added = {2009-12-14 00:01:14 -0600},
	Date-Modified = {2009-12-14 00:16:20 -0600},
	Journal = {Palaeogeography, palaeoclimatology, palaeoecology},
	Number = {3},
	Pages = {337--358},
	Title = {{Biogeography and migration routes of large mammal faunas in South-East Asia during the Late Middle Pleistocene: focus on the fossil and extant faunas from Thailand}},
	Volume = {168},
	Year = {2001}}

@article{Steppan2003a,
	Author = {Steppan, S.J. and Zawadzki, C. and Heaney, L.R.},
	Date-Added = {2009-12-14 00:01:12 -0600},
	Date-Modified = {2009-12-14 00:16:20 -0600},
	Journal = {Biological Journal of the Linnean Society},
	Number = {4},
	Pages = {699--715},
	Publisher = {[London] Published for the Linnean Society of London by Academic Press.},
	Title = {{Molecular phylogeny of the endemic Philippine rodent Apomys (Muridae) and the dynamics of diversification in an oceanic archipelago}},
	Volume = {80},
	Year = {2003}}

@article{Evans2003a,
	Author = {Evans, B.J. and Brown, R.M. and McGuire, J.A. and Supriatna, J. and Andayani, N. and Diesmos, A. and Iskandar, D. and Melnick, D.J. and Cannatella, D.C.},
	Date-Added = {2009-12-14 00:01:09 -0600},
	Date-Modified = {2009-12-14 00:16:20 -0600},
	Journal = {Systematic Biology},
	Number = {6},
	Pages = {794},
	Title = {{Phylogenetics of fanged frogs: testing biogeographical hypotheses at the interface of the Asian and Australian faunal zones}},
	Volume = {52},
	Year = {2003}}

@article{Heaney2005a,
	Author = {Heaney, L.R. and Walsh, J.S. and Townsend Peterson, A.},
	Date-Added = {2009-12-14 00:00:53 -0600},
	Date-Modified = {2009-12-14 00:16:20 -0600},
	Journal = {Journal of Biogeography},
	Number = {2},
	Pages = {229--247},
	Title = {{The roles of geological history and colonization abilities in genetic differentiation between mammalian populations in the Philippine archipelago}},
	Volume = {32},
	Year = {2005}}

@article{Diamond1983a,
	Author = {Diamond, J.M. and Gilpin, M.E.},
	Date-Added = {2009-12-14 00:00:50 -0600},
	Date-Modified = {2009-12-14 00:16:20 -0600},
	Journal = {Oikos},
	Pages = {307--321},
	Publisher = {Munksgaard International Booksellers and Publishers},
	Title = {{Biogeographic umbilici and the origin of the Philippine avifauna}},
	Year = {1983}}

@article{Heaney1968a,
	Author = {Heaney, L.R.},
	Date-Added = {2009-12-14 00:00:47 -0600},
	Date-Modified = {2009-12-14 00:16:20 -0600},
	Journal = {Botanical Journal of the Linnean Society},
	Number = {1-2},
	Pages = {127--165},
	Title = {{Biogeography of mammals in SE Asia: estimates of rates of colonization, extinction and speciation}},
	Volume = {28},
	Year = {1968}}

@article{Appleton2004a,
	Author = {Appleton, BR and McKenzie, JA and Christidis, L.},
	Date-Added = {2009-12-14 00:00:40 -0600},
	Date-Modified = {2009-12-14 00:16:20 -0600},
	Journal = {Molecular Phylogenetics and Evolution},
	Number = {2},
	Pages = {431--439},
	Publisher = {Elsevier},
	Title = {{Molecular systematics and biogeography of the bent-wing bat complex Miniopterus schreibersii (Kuhl, 1817)(Chiroptera: Vespertilionidae)}},
	Volume = {31},
	Year = {2004}}

@article{Colwell2004a,
	Author = {Colwell, R.K. and Rahbek, C. and Gotelli, N.J.},
	Date-Added = {2009-12-13 23:58:17 -0600},
	Date-Modified = {2009-12-14 00:16:20 -0600},
	Journal = {The American Naturalist},
	Number = {3},
	Pages = {1--23},
	Publisher = {UChicago Press},
	Title = {{The mid-domain effect and species richness patterns: what have we learned so far?}},
	Volume = {163},
	Year = {2004}}

@article{Connolly2005a,
	Author = {Connolly, S.R.},
	Date-Added = {2009-12-13 23:57:58 -0600},
	Date-Modified = {2009-12-14 00:16:20 -0600},
	Journal = {The American Naturalist},
	Number = {1},
	Pages = {1--11},
	Publisher = {UChicago Press},
	Title = {{Process-based models of species distributions and the mid-domain effect}},
	Volume = {166},
	Year = {2005}}

@article{Colwella,
	Author = {Colwell, R.K. and Lees, D.C.},
	Date-Added = {2009-12-13 23:55:56 -0600},
	Date-Modified = {2009-12-14 01:41:06 -0600},
	Journal = {Paleobiology},
	Pages = {4--15},
	Title = {{The mid-domain effect: geometric constraints on the geography of species richness}},
	Volume = {8},
	Year = {2000}}
